@article{paper_osorio,
   author = {Claus Kiefer},
   title = {Conceptual Problems in Quantum Gravity and Quantum Cosmology},
   journal = {ISRN Mathematical Physics},
   year = {2013},
   pages = {17}
 }

@Book{teoriaperfecta,
   title    = {La teoría perfecta - Un siglo de figuras geniales y de pugnas por la teoría general de la relatividad},
   author   = {Pedro G. Ferrerira},
   editor   = {EDITORIAL ANAGRAMA S.A.},
   publisher    = {EDITORIAL ANAGRAMA S.A.},
   year     = {2015},
   Address  = {Barcelona},
   Edition  = {1a},
   month    = {febrero},
   isbn     = {978-84-339-6378-9},
   series   = {Colección Argumentos},
   language = {Spanish},
   owner    = {Adeik},
   timestamp = {2015.11.23}
}

@Article{perlmutterschmidt,
  Title                    = {Measuring cosmology with Supernovae},
  Author                   = {Saul Perlmutter and Brian P. Schmidt},
  Journal                  = {Lect. Notes Phys.},
  Year                     = {2003},

  Month                    = {marzo},
  Number                   = {arXiv:astro-ph/0303428},
  Pages                    = {195-217},
  Volume                   = {598},

  Owner                    = {Adeik},
  Timestamp                = {2015.11.23}
}

@Article{burgess,
  Title                    = {Quantum Gravity in Everyday Life: General Relativity as an Effective Field Theory},
  Author                   = {C. P. Burgess},
  Journal                  = {LivingRev.Rel.},
  Year                     = {2004},

  Month                    = {noviembre},
  Number                   = {arXiv:gr-qc/0311082v1},
  Pages                    = {5},
  Volume                   = {7},

  Owner                    = {Adeik},
  Timestamp                = {2015.11.23}
}

@article{Giulini,
   author = {Guilini, D. and Kiefer, C.},
   title = {The Canonical Approach to Quantum Gravity: General Ideas and Geometrodynamics},
   year = {2006},
   pages = {21}
}

@misc{difeomorfismo,
    author = {{Weisstein, Eric W.}},
    title = {Diffeomorphism},
    note = {From MathWorld--A Wolfram Web Resource. \url{http://mathworld.wolfram.com/Diffeomorphism.html}}
}

@article{geons,
   author = {{Anderson}, P.~R. and {Brill}, D.~R.},
    title = "{Gravitational geons revisited}",
  journal = {Physical Review D},
     year = {1997},
   volume = {56},
    pages = {4824-4833},
      doi = {10.1103/PhysRevD.56.4824},
   adsurl = {http://adsabs.harvard.edu/abs/1997PhRvD..56.4824A},
}

@misc{newtonbib,
    title = {{Philosophiæ Naturalis Principia Mathematica}},
    author = {Wikipedia},
    howpublished = {\url{https://en.wikipedia.org/wiki/Philosophiae_Naturalis_Principia_Mathematica}},
    note = {[En línea; consulta el 01-12-15]}
}

@misc{einsteinbib,
    title = {{Albert Einstein}},
    author = {Wikipedia},
    howpublished = {\url{https://en.wikipedia.org/wiki/Albert_Einstein}},
    note = {[En línea; consulta el 01-12-15]}
}

@misc{wikipedia,
    title = {{Quantum gravity, String theory, History of string theory, AdS/CFT correspondence y otros}},
    author = {{\textit{Wikipedia, the free encyclopedia}}},
    howpublished = {\url{https://en.wikipedia.org}},
    note = {[En línea; consulta los días 30-11-15; 01,02,03-12-15]}
}

@misc{popov,
    title = {{Faddeev-Popov ghost}},
    author = {Wikipedia},
    howpublished = {\url{https://en.wikipedia.org/wiki/Faddeev-Popov_ghost}},
    note = {[En línea; consulta el 02-12-15]}
}

@misc{cmbbib,
    title = {{Cosmic Microwave Background}},
    author = {Wikimedia},
    howpublished = {\url{https://commons.wikimedia.org/wiki/Category:Cosmic_microwave_background}},
    note = {[En línea; consulta el 01-12-15]}
}

@misc{interstellarbib,
    title = {Interstellar's black hole},
    author = {\url{blenderartists.org}},
    howpublished = {\url{http://blenderartists.org/forum/attachment.php?attachmentid=349467&d=1418567882
}},
    note = {[En línea; consulta el 02-12-15]}
}

@article{bern,
    author = {Bern, Z. and others},
    title = {The Ultraviolet Behavior of N=8 Supergravity at Four Loops},
    journal = {Physical Review Letters},
    year = {2009},
    volume = {103},
    page = {081301},
    doi = {10.1103/PhysRevLett.103.081301}
}
